%%%%%%% BIBLIOGRAF\'IA %%%%%%%

@INCOLLECTION{AA2001,
  author = {\quotes{Aguilar G. y Alcocer S.}} ,
  title = {\quotes{``Efecto del Refuerzo Horizontal en el Comportamiento de Muros de Mamposter\'{\i}a''}},
	institution = {Centro Nacional de Prevenci\'on de Desastres, CENAPRED},
	year = 2001,
	address = {M\'exico, DF},
	note = {Reporte T\'ecnico},	
}                                                                                                             
@INCOLLECTION{A2001,
  author = {\quotes{Alamilla J.}},
  title = {\quotes{``Criterios de Dise\~no S\'{\i}smico Basados en Confiabilidad de Estructuras Aporticadas''}},
	year = 2001,
  school = {Facultad de Ingenier\'{\i}a UNAM, Divisi\'on de Estudios de Posgrado},
  publisher = Limusa,
  address = {M\'exico, DF},
	note = {Tesis Doctoral},	
}
%%%%%%%%%%%%%%%%%%%%%%%%%%%%%%%%%
@PHDTHESIS{RC2004,
  author = {\quotes{Castillo Rolando}},
  title = {\quotes{``Seismic Design of Asymmetric Ductile Systems''}},
	year = 2004,
  school = {Universidad de Canterbury},
  address = {Christchurch, Nueva Zelanda},
}
%%%%%%%%%%%%%%%%%%%%%%%%%%%%%%%%%
@INCOLLECTION{AMSF1994,
  author = {\quotes{Alcocer S., Meli R., S\'anchez T. y Flores L.}},
  year = 1994,
  title = {\quotes{``Comportamiento Ante Cargas Laterales de Sistemas de Muros de Mamposter\'{\i}a Confinada con Distintos Grados de Acoplamiento a Flexi\'on''}},
  note = {Financiada por el Instituto del Fondo Nacional para la Vivienda de los Trabajadores},
  institution = {Centro Nacional de Prevenci\'on de Desastres (CENAPRED)},
  address = {M\'exico, DF},
	note = {Reporte T\'ecnico},	
}
%%%%%%%%%%%%%%%%%%%%%%%%%%%%%%%%%
@INCOLLECTION{ASVD1994,
  author = {\quotes{Alcocer S., S\'anchez T., V\'azquez R. y D\'{\i}az R.}},
  year = 1994,
  title = {\quotes{``Comportamiento Ante Cargas Laterales de Sistemas de Muros de Mamposter\'{\i}a Confinada con Distintos Tipos de Refuerzo Horizontal''}},
  note = {Financiada por el Instituto del Fondo Nacional para la Vivienda de los Trabajadores},
  institution = {Centro Nacional de Prevenci\'on de Desastres (CENAPRED)},
  address = {M\'exico, DF},
	note = {Reporte T\'ecnico},	
}
%%%%%%%%%%%%%%%%%%%%%%%%%%%%%%%%%
@INPROCEEDINGS{CE1997,
  author = {\quotes{Campos D. y Esteva L.}},
  year = 1997,
  title = {\quotes{``Modelo de Comportamiento Hister\'etico y de Da\~no para Vigas de Concreto Reforzado''}},
  booktitle = {XI National Conference on Earthquake Engineering},
  address = {Veracruz, M\'exico},
}
%%%%%%%%%%%%%%%%%%%%%%%%%%%%%%%%%
@MANUAL{C2004,
  author = {\quotes{Carr A.}},
  year = 2004,
  title = {\quotes{``Ruaumoko Dynamic Nonlinear Analysis''}},
  organization = {University of Canterbury, Department f Civil Engineering},
  address = {Christchurch, Nueva Zelanda},
}
%%%%%%%%%%%%%%%%%%%%%%%%%%%%%%%%%
@BOOK{CENAPRED2001,
  author = {\quotes{Centro Nacional de Prevenci\'on de Desastres}},
  year = 2001,
  title = {\quotes{``Diagnostico de Peligros e Identificaci\'on de Riesgos de Desastres en M\'exico''}},
  publisher = {CENAPRED},
  address = {M\'exico, DF},
}
%%%%%%%%%%%%%%%%%%%%%%%%%%%%%%%%%
@INCOLLECTION{CCC1973,
  author = {\quotes{Chopra A. K., Clough D. P. y Clough R. W.}},
  year = 1973,
  title = {\quotes{``Earthquake Engineering and Structural Dynamics''}},
	chapter = {Earthquake Resistance of Buildings with a Soft First Story},
}
%%%%%%%%%%%%%%%%%%%%%%%%%%%%%%%%%
@INCOLLECTION{Cho2007,
  author = {\quotes{Chopra A. K.}},
  year = 2007,
  title = {\quotes{``Dynamics of Structures''}},
  publisher = {Prentice Hall Inc.},
  edition = {Tercera Edici\'on},
}
%%%%%%%%%%%%%%%%%%%%%%%%%%%%%%%%%
@INCOLLECTION{ZT1989,
  author = {\quotes{Zienkiewicz O.C. y Taylor R.L.}},
  year = 1989,
  title = {\quotes{``The Finite Element Method''}},
	chapter = {Basic Formulation and Linear Problems},
  publisher = {McGraw Hill, Londres},
	note = {Primer Volumen},
  edition = {Cuarta Edici\'on},
}
%%%%%%%%%%%%%%%%%%%%%%%%%%%%%%%%%
@INCOLLECTION{EK2008,
  author = {\quotes{Kreyszig Erwin}},
  year = 2008,
  title = {\quotes{``Matematicas Avanzadas para Ingenieria II''}},
	note = {ISBN--13:978--968--18--5311--2},	
  publisher = {Limusa Wiley},
  edition = {Tercera Edici\'on},
}
%%%%%%%%%%%%%%%%%%%%%%%%%%%%%%%%%
@INCOLLECTION{CEPAL2007,
  author = {\quotes{Comisi\'on Econ\'omica para Am\'erica Latina, \ CEPAL}},
  year = 2007,
  title = {\quotes{``Estudio de Caso de Cinco Pa\'{\i}ses: M\'exico''}},
	publisher = {Naciones Unidas y BID},
}
%%%%%%%%%%%%%%%%%%%%%%%%%%%%%%%%%
@MANUAL{CFE1993,
  author = {\quotes{Comisi\'on Federal de Electricidad, CFE}},
  year = 1993,
  title = {\quotes{``Manual de Dise\~no de Obras Civiles, Dise\~no por Sismos''}},
  organization = {CFE},
  address = {M\'exico, D.F.},
}
%%%%%%%%%%%%%%%%%%%%%%%%%%%%%%%%%
@ARTICLE{C1969,
  author = {\quotes{Cornell C.}},
  year = 1969,
  title = {\quotes{``A Probability-Based Structural Code''}},
  journal = {ACI JOURNAL},
	month = {Diciembre},
  number = 348,
  pages = {974--985}
}
%%%%%%%%%%%%%%%%%%%%%%%%%%%%%%%%%
@ARTICLE{MG2006,
  author = {\quotes{Michael Scott y Gregory Fenves2}},
  year = 2006,
  title = {\quotes{``Plastic Hinge Integration Methods for Force-Based Beamâ€“Column Elements''}},
  journal = {JOURNAL OF STRUCTURAL ENGINEERING},
	month = {Febrero},
  pages = {244--252}
}
%%%%%%%%%%%%%%%%%%%%%%%%%%%%%%%%%
@ARTICLE{MA2009,
  author = {\quotes{Montalvo Arrieta J. Carlos}},
  year = 2009,
  title = {\quotes{``El Potencial de Riesgo S\'{\i}smico en el Noreste de M\'exico y sus Implicaciones en la Zona Metropolitana de Monterrey N.L.''}},
  journal = {Revista Ciencia UANL},
	note = {Volumen XII},
	organization = {Universidad Aut\'onoma de Nuevo Le\'on},
	month = {Octubre--Diciembre},
  number = 4,
  pages = {398--408}
}
%%%%%%%%%%%%%%%%%%%%%%%%%%%%%%%%%
@ARTICLE{TLP1996,
  author = {\quotes{Tomazevic Miha, Lutman Marjana y Petkovic Ljubo}},
  year = 1996,
  title = {\quotes{``Seismic Behaivor of the Masonry Walls: Experimental Simulation''}},
  journal = {Journal of Structural Engineering},
	note = {Volumen 122},
	month = {Septiembre},
  number = 9,
  pages = {1040--1047}
}
%%%%%%%%%%%%%%%%%%%%%%%%%%%%%%%%%
@ARTICLE{W2007,
  author = {\quotes{Wang Zhenming}},
  year = 2007,
  title = {\quotes{``Seismic Hazard and Risk Assessment in the Intraplate Enviroment: The New Madrid Seismic Zone of the Central United States''}},
  journal = {Journal of the Geological Society of America},
	volume = XXIV,
	organization = {Universidad de Kentucky},
  number = 425,
  pages = {363--373}
}
%%%%%%%%%%%%%%%%%%%%%%%%%%%%%%%%%
@ARTICLE{LHJ2012,
  author = {\quotes{Ramos Z\'u\~niga Luis G., Medina Ferrusqu\'{\i}a Hugo C. y Montalvo Arrieta Juan C.}},
  year = 2012,
  title = {\quotes{``Patrones de Sismicidad en la Curvatura de Monterrey, noreste de M\'exico''}},
  journal = {Revista Mexicana de Ciencias Geol\'ogicas},
	volume = XXIX,
	organization = {Universidad Aut\'onoma de Nuevo Le\'on},
  number = 2,
  pages = {572--589}
}
%%%%%%%%%%%%%%%%%%%%%%%%%%%%%%%%%
@MANUAL{C2012,
  author = {\quotes{Corona G.}},
  year = 2012,
  title = {\quotes{``An\'alisis y Dise\~no de Edificios de Concreto, ECOgcW''}},
  organization = {GC INGENIER\'IA Y DISE\~NO S.C.},
  address = {Puebla, M\'exico},
}
%%%%%%%%%%%%%%%%%%%%%%%%%%%%%%%%%
@PHDTHESIS{C1997,
  author = {\quotes{Crisafulli F. J.}},
  title = {\quotes{``Seismic Behaivor of Reinforced Concrete Structures With Masonry Infills''}},
	year = 1997,
  school = {Universidad de Canterbury, Departamento de Ingenier\'{\i}a Civil},
  address = {Christchurch, Nueva Zelanda},
}
%%%%%%%%%%%%%%%%%%%%%%%%%%%%%%%%%
@PHDTHESIS{ST2008,
  author = {\quotes{Themelis Spyridon}},
  title = {\quotes{``Pushover Analysis for Seismic Assessment and Design of Structures''}},
	year = 2008,
  school = {Heriot--Watt University, School of the Built Enviroment},
	month={Octubre},
  address = {Edinburgh, Escocia},
}
%%%%%%%%%%%%%%%%%%%%%%%%%%%%%%%%%
@INPROCEEDINGS{DE2006,
  author = {\quotes{D\'{\i}az L\'opez O. y L Esteva}},
  year = 2006,
  title = {\quotes{``Seismic Reliability Analysis of Complex Nonlinear Systems Using Secant Stiffness Reduction Indicators''}},
  booktitle = {First European on Earthquake Engineering and Seismology},
  address = {Geneva, Suiza},
}
%%%%%%%%%%%%%%%%%%%%%%%%%%%%%%%%%
@INCOLLECTION{E1961,
  author = {\quotes{Esteva L.}},
  year = 1961,
  title = {\quotes{``Comportamiento de Muros de Mamposter\'{\i}a Sujetos a Carga Vertical''}},
  institution = {Instituto de Ingenier\'{\i}a UNAM},
  address = {M\'exico, DF},
	note = {Reporte T\'ecnico},	
}
%%%%%%%%%%%%%%%%%%%%%%%%%%%%%%%%%
@ARTICLE{E1987,
  author = {\quotes{Esteva L.}},
  year = 1987,
  title = {\quotes{``Earthquake Engineering Research and Practice in Mexico After the 1985 Earthquakes''}},
  journal = {Journal of the New Zealand National Society for Earthquake Engineering},
	month = {Septiembre},
	volume = 20,
  number = 3,
  pages = {159--200}
}
%%%%%%%%%%%%%%%%%%%%%%%%%%%%%%%%%
@ARTICLE{E1992,
  author = {\quotes{Esteva L.}},
  year = 1992,
  title = {\quotes{``Nonlinear Seismic Response of Soft-Story Buildings Subjected to Narrow-Band Accelerograms''}},
  journal = {Earthquake Espectra Journal},
	volume = 8,
  number = 3,
}
%%%%%%%%%%%%%%%%%%%%%%%%%%%%%%%%%
@PROCEEDINGS{E1969,
  author = {\quotes{Esteva L.}},
  year = 1969,
  title = {\quotes{``Seismic Risk and Seismic Design Decisions''}},
  publisher = {MIT Seminar on Seismic Design for Nuclear Power Plants},
  address = {Cambridge, Massachusetts},
}
%%%%%%%%%%%%%%%%%%%%%%%%%%%%%%%%%
@ARTICLE{EDGSI2002,
  author = {\quotes{Esteva L., D\'{\i}az L\'opez O., Garc\'{\i}a P\'erez J., Sierra G. y Ismael E.}},
  year = 2002,
  title = {\quotes{``Life Cycle Optimization in the Establishment of Performance Acceptance Parameters for Seismic Design''}},
  journal = {Elsevier Journal},
	volume = 24,
	pages = {187--204},
}
%%%%%%%%%%%%%%%%%%%%%%%%%%%%%%%
@INCOLLECTION{LFA2001,
  author = {\quotes{Flores Leonardo y Alcocer S. M.}} ,
  title = {\quotes{``Estudio Anal\'{\i}tico de Estructuras de Mamposter\'{\i}a Confinada''}},
	institution = {Centro Nacional de Prevenci\'on de Desastres, CENAPRED},
	year = 2001,
	address = {M\'exico, DF},
	note = {Reporte T\'ecnico},	
}     
%%%%%%%%%%%%%%%%%%%%%%%%%%%%%%%
@TECHREPORT{FSG1970,
  author = {\quotes{Fiorato A. E., Sozen M. A. y Gamble W. L.}},
  year = 1970,
  title = {\quotes{``An Investigation of the Interaction of Reinforced Concrete Frames With Masonry Filler Walls''}},
	type = {Structural Research Series},
  institution = {Universidad de Illinois, Estudios de Ingenier\'{\i}a Civil},
  address = {Urbana, Illinois},
}
%%%%%%%%%%%%%%%%%%%%%%%%%%%%%%%
@TECHREPORT{SM2009,
  author = {\quotes{Kadysiewski Stephen y Mosalam Khalid M.}},
  year = 2009,
  title = {\quotes{``Modeling of Unreinforced Masonry Infill Walls Considering In-Plane and Out-of-Plane Interaction''}},
	type = {PEER Report},
  institution = {Centro de Investigaci\'on de Ingenier\'{\i}a S\'{\i}smica del Pac\'{\i}fico, Universidad de California},
  address = {Berkeley, California},
}
%%%%%%%%%%%%%%%%%%%%%%%%%%%%%%%
@TECHREPORT{DC1994,
  author = {\quotes{Kadysiewski Stephen y Mosalam Khalid M.}},
  year = 1994,
  title = {\quotes{``Accidental and Natural Torsion in Earthquake Response and Design of Buildings''}},
	note = {Report UCB/EERC-94/07},
  institution = {Centro de Investigaci\'on de Ingenier\'{\i}a S\'{\i}smica del Pac\'{\i}fico, Universidad de California},
  address = {Berkeley, California},
}
%%%%%%%%%%%%%%%%%%%%%%%%%%%%%%%
@TECHREPORT{HM2007,
  author = {\quotes{Hashemi Alidad y Mosalam Khalid M.}},
  year = 2007,
  title = {\quotes{``Seismic Evaluation of Reinforced Concrete Buildings Including Effects of Masonry Infill Walls''}},
	type = {PEER Report 2007/100},
  institution = {Centro de Investigaci\'on de Ingenier\'{\i}a S\'{\i}smica del Pac\'{\i}fico, Universidad de California},
  address = {Berkeley, California},
}
%%%%%%%%%%%%%%%%%%%%%%%%%%%%%%%
@INCOLLECTION{ICA12003,
   author = {\quotes{Gallegos Hector y Ram\'{\i}rez Horacio}},
   title = {\quotes{``Las Estructuras de Mamposter\'{\i}a''}},
   booktitle = {Edificaciones de Mamposter\'{\i}a para Vivienda},
   publisher = {ICA},
   year = {2003},
	 address = {M\'exico, D.F.},
   edition = {Tercera Edici\'on},
}
%%%%%%%%%%%%%%%%%%%%%%%%%%%%%%%
@INCOLLECTION{ICA2003,
   author = {\quotes{SMIE}},
   title = {\quotes{``Edificaciones de Mamposter\'{\i}a para Vivienda''}},
   publisher = {ICA},
   year = {2003},
	 address = {M\'exico, D.F.},
   edition = {Tercera Edici\'on},
}
%%%%%%%%%%%%%%%%%%%%%%%%%%%%%%%
@INCOLLECTION{HE2008,
  author = {\quotes{Heinen}},
  year = 2008,
  title = {\quotes{``Ingenier\'{\i}a Civil''}},
	chapter = {A.- Historia},
	note = {Reg. S.E.P. 8169/85},	
}
%%%%%%%%%%%%%%%%%%%%%%%%%%%%%%%%%%%
@INCOLLECTION{SRT2004,
  author = {\quotes{Sorensen J. D.}},
  year = 2004,
  title = {\quotes{``Notes in Structural Reliability Theory And Risk Analysis''}},
  address = {Dinamarca},
	institution = {Instituto de Ingenier\'{\i}a Estructural y Tecnolog\'{\i}a de la Construcci\'on, Universidad de Aalborg},
	month = {Febrero},
}
%%%%%%%%%%%%%%%%%%%%%%%%%%%%%%%
@INCOLLECTION{ICA1988,
  author = {\quotes{ICA}},
  year = 1988,
  title = {\quotes{``Experiencias Derivadas de los Sismos de Septiembre de 1985''}},
  publisher = {Limusa},
  address = {M\'exico, DF},
}
%%%%%%%%%%%%%%%%%%%%%%%%%%%%%%%
@INCOLLECTION{T2006,
  author = {\quotes{Tomazevic Miha}},
  year = 2006,
	title = {\quotes{``Earthquake-Resistant Design of Masonry Buildings''}},
  publisher = {Imperial College Press},
	volume = 1,
	seryes = {ISBN: 1--86094--066--8},
  address = {London},
}
%%%%%%%%%%%%%%%%%%%%%%%%%%%%%%%
@INCOLLECTION{PP1992,
  author = {\quotes{Paulay T. y Priestley M. J. N.}},
  year = 1992,
	title = {\quotes{``Seismic Design of Reinforced Concrete and Masonry Buildings''}},
  publisher = {John Wiley & Sons, Inc.},
	volume = 1,
	seryes = {ISBN: 0--471--54915--0},
}
%%%%%%%%%%%%%%%%%%%%%%%%%%%%%%%%%
@BOOK{MR2012,
  author = {\quotes{Mohammad Reza Tabeshpour, Amir Azad y Ali Akbar Golafshani}},
  year = 2012,
  title = {\quotes{``Seismic Behavior and Retrofit of Infilled Frames''}},
  seryes = {Earthquake-Resistant Structures - Design, Assessment and Rehabilitation, Prof. Abbas Moustafa (Ed.), ISBN: 978-953-51-0123-9, InTech, DOI: 10.5772/2857},
  note = {Available from: http://www.intechopen.com/books/earthquake-resistant-structures-design-assessment-and-rehabilitation/seismic-design-and-retrofit-of-infilled-frames},
}
%%%%%%%%%%%%%%%%%%%%%%%%%%%%%%%
@MASTERSTHESIS{G2006,
  author = {\quotes{Galli M.}},
  title = {\quotes{``Evaluation of the Seismic Response of Existing R.C. Fream Buildings With Masonry Infills''}},
	year = 2006,
  school = {Istituto Universitario de Estudios Superiores, Universidad de Pavia},
}
%%%%%%%%%%%%%%%%%%%%%%%%%%%%%%%
@INPROCEEDINGS{KE2000,
  author = {\quotes{Kappos J. A. y Ellul F.}},
  year = 2000,
  title = {\quotes{``Seismic Design and Performance Assessment of Masonry Infilled R/C Frames''}},
  booktitle = {12 World Conference on Earthquake Engineering},
	month = Septiembre,
  address = {Lisbon, Portugal},
}
%%%%%%%%%%%%%%%%%%%%%%%%%%%%%%%
@ARTICLE{MH2008,
  author = {\quotes{Madan A. y Hashmi A. K.}},
  year = 2008,
  title = {\quotes{``Analytical Prediction of the Seismic Performance of Masonry Infilled Reinforced Concrete Frames Subjected to Near Field Earthquakes''}},
  journal = {Journal of Structural Engineering},
	volume = 134,
	number = 9,
}
%%%%%%%%%%%%%%%%%%%%%%%%%%%%%%%
@ARTICLE{MK2004,
  author = {\quotes{Mostafaei Hossein y Kabeyasawa Toshimi}},
  year = 2004,
  title = {\quotes{``Effect of Infill Masonry Walls on the Seismic Response of Reinforced Concrete Buildings Subjected to the 2003 Bam Earthquake Strong Motion: A Case Study of Bam Telephone Center''}},
  journal = {Bull. Earthq. Res. Inst.},
	volume = 79,
	pages = {133--156},
}
%%%%%%%%%%%%%%%%%%%%%%%%%%%%%%%
@INCOLLECTION{M1979,
  author = {\quotes{Meli R.}},
  year = 1979,
  title = {\quotes{``Comportamiento S\'{\i}smico de Muros de Mamposter\'{\i}a''}},
	type = {Series de Investigaci\'on},
  institution = {Instituto de Ingenier\'{\i}a UNAM},
  address = {M\'exico, D.F.},
	note = {Reporte T\'ecnico},	
}
%%%%%%%%%%%%%%%%%%%%%%%%%%%%%%%
@INCOLLECTION{M1994,
  author = {\quotes{Meli R.}},
  year = 1994,
  title = {\quotes{``Mamposter\'{\i}a Estructural. La Pr\'actica, la Investigaci\'on y el Comportamiento''}},
  note = {Financiada por el Instituto del Fondo Nacional para la Vivienda de los Trabajadores},
  institution = {Instituto de Ingenier\'{\i}a UNAM},
  address = {M\'exico, DF},
	note = {Reporte T\'ecnico},	
}
%%%%%%%%%%%%%%%%%%%%%%%%%%%%%%%
@INCOLLECTION{MZE1968,
  author = {\quotes{Meli R., Zeevaert Wolff y Esteva L.}},
  year = 1968,
  title = {\quotes{``Comportamiento de Muros de Mamposter\'{\i}a Hueca Ante Carga Alternada''}},
  note = {Financiada por el Fondo de Operaci\'on y Descuento Bancario a la Vivienda},
  institution = {Instituto de Ingenier\'{\i}a UNAM},
  address = {M\'exico, DF},
	note = {Reporte T\'ecnico},	
}
%%%%%%%%%%%%%%%%%%%%%%%%%%%%%%%
@TECHREPORT{ATC1996,
  author = {\quotes{ATC}},
  year = 1996,
  title = {\quotes{``Seismic Evaluation and Retrofit of Concrete Buildings''}},
  note = {Rep. No. ATC--40},
  institution = {Consejo de Tecnolog\'{\i}a Aplicada},
	volume={I and II},
  address = {Redwood, California},
}
%%%%%%%%%%%%%%%%%%%%%%%%%%%%%%%
@INCOLLECTION{MOSS2009,
  author = {\quotes{Kadysiewski S. y Mosalam K.M.}},
  year = 2009,
  title = {\quotes{``Modeling of Unreinforced Masonry Infill Walls Considering In-Plane and Out-of-Plane Interaction''}},
  note = {PEER Report 2008/102},
  institution = {Centro de Investigaciones de Ingenier\'{\i}a S\'{\i}smica del Pac\'{\i}fico (PEER)},
	volume={I},
  address = {Berkeley, California},
}
%%%%%%%%%%%%%%%%%%%%%%%%%%%%%%%
@MANUAL{NTC2004,
  year = 2004,
  title = {\quotes{``Normas T\'ecnicas Complementarias, NTC--2004''}},
	note ={TOMO I No. 103-BIS},
  organization = {Gobierno del Distrito Federal},
	month = {6 de Octubre},
  address = {M\'exico, D.F.},
}
%%%%%%%%%%%%%%%%%%%%%%%%%%%%%%%
@MANUAL{EC2003,
  year = 2003,
  title = {\quotes{``Eurocode 8: Design of Structures for Earthquake Resistance. General Rules, Seismic Actions and Rules for Buildings''}},
	note ={EN1998--1:2003},
  organization = {Instituto de Est\'andares Brit\'anicos},
  address = {London},
}
%%%%%%%%%%%%%%%%%%%%%%%%%%%%%%%
@TECHREPORT{NEHRP1997,
  author = {\quotes{National Earthquake Hazard Reduction Program, NEHRP}},
  year = 1997,
  title = {\quotes{``NEHRP Recommended Provisions for Seismic Regulations for New Buildings and Other Structures''}},
  note = {Rep. No. FEMA 302},
  institution = {Agencia Federal de Manejo de Emergencias},
  address = {Washington D. C.},
}
%%%%%%%%%%%%%%%%%%%%%%%%%%%%%%%
@INCOLLECTION{WHE2011,
  author = {\quotes{Comit\'e de la World Housing Encyclopedia}},
  year = 1997,
  title = {\quotes{``El Desempe\~no S\'{\i}smico de los Edificios de Marcos de Concreto Reforzado Rellenos con Paredes de Mamposter\'{\i}a''}},
  note = {N\'umero de publicaci\'on EERI WHE-2006-03},
  institution = {Instituto de Investigaci\'on en Ingenier\'{\i}a S\'{\i}smica},
  address = {Oakland, California},
	note = {Reporte T\'ecnico},	
}
%%%%%%%%%%%%%%%%%%%%%%%%%%%%%%%%
@MANUAL{NTCII2004,
author = {Gobierno del Distrito Federal},
year = 2004,
title = {\quotes{``Normas T\'ecnicas Complementarias, NTC--2004''}},
note ={TOMO II No. 103-BIS},
month = {6 de Octubre},
address = {M\'exico, D.F.},
}
%%%%%%%%%%%%%%%%%%%%%%%%%%%%%%%
@ARTICLE{CTEM2013,
author = {\quotes{J.  G.  Rangel, L. Esteva Maraboto y Edwin M.R. Mart\'{\i}nez}},
year = 2014,
title = {\quotes{``Funciones de Confiabilidad S\'{\i}smica de Edificios con Excentricidades Torsionales''}},
month ={Noviembre},
journal = {XIX Congreso Nacional de Ingenier\'{\i}a Estructural},
address = {Puerto Vallarta, Jalisco, M\'exico},
}
%%%%%%%%%%%%%%%%%%%%%%%%%%%%%%%
@ARTICLE{SIB2013,
author = {\quotes{J.  G.  Rangel, L. Esteva Maraboto y Edwin M.R. Mart\'{\i}nez}},
year = 2014,
title = {\quotes{``Aplicaci\'on para la Simulaci\'on de Edificios con Propiedades Aleatorias''}},
month ={Noviembre},
journal = {XIX Congreso Nacional de Ingenier\'{\i}a Estructural},
address = {Puerto Vallarta, Jalisco, M\'exico},
}
%%%%%%%%%%%%%%%%%%%%%%%%%%%%%%%
@ARTICLE{SIBCV2014,
author = {\quotes{J.  G.  Rangel, L. Esteva Maraboto, Edwin M.R. Mart\'{\i}nez, Sergio M\'arquez Dom\'{\i}nguez y Roberto P\'erez Mart\'{\i}nez}},
year = 2014,
title = {\quotes{``Influencia del Modelo Probabilista de Carga Viva en LA Respuesta de Edificios de Concreto Reforzado''}},
month ={Noviembre},
journal = {XIX Congreso Nacional de Ingenier\'{\i}a Estructural},
address = {Puerto Vallarta, Jalisco, M\'exico},
}
%%%%%%%%%%%%%%%%%%%%%%%%%%%%%%%
@ARTICLE{O1974,
  author = {\quotes{Otani S.}},
  year = 1974,
  title = {\quotes{``Inelastic Analysis of R/C Frame Structures''}},
  journal = {J. Struct. Div. ASCE},
	volume = 7,
	number = 100,
	pages = {1433--1449},
}
%%%%%%%%%%%%%%%%%%%%%%%%%%%%%%%
@ARTICLE{RS1997,
  author = {\quotes{Ruiz S. E. y Soriano A.}},
  year = 1997,
  title = {\quotes{``Design Live Loads for Office Buildings in Mexico and the United States''}},
  journal = {Journal of Structural Engineering},
	volume = 123,
	number = 6,
	month = {Junio},
}
%%%%%%%%%%%%%%%%%%%%%%%%%%%%%%%
@ARTICLE{CG2007,
  author = {\quotes{Carrillo Juli\'an y Gonz\'alez Giovanni}},
  year = 2007,
  title = {\quotes{``Influencia de la Mamposter\'{\i}a no Reforzada en el Comportamiento Inel\'astico de P\'orticos de Concreto''}},
  journal = {Dyna},
	volume = 74,
	number = 152,
	month = {Julio},
	pages = {217--227},
}
%%%%%%%%%%%%%%%%%%%%%%%%%%%%%%%
@INCOLLECTION{Put2010,
  author = {\quotes{P\'erez Mart\'{\i}nez R.}},
  title = {\quotes{``Confiabilidad y Optimizaci\'on para Dise\~no S\'{\i}smico de Edificios Considerando la Contribuci\'on de Muros de Mamposter\'{\i}a ''}},
  year = 2010,
  school = {Instituto de Ingenier\'{\i}a UNAM},
  address = {M\'exico, D.F.},
  note = {Tesis de Doctoral},	
}
%%%%%%%%%%%%%%%%%%%%%%%%%%%%%%%
@INPROCEEDINGS{PE2012,
  author = {\quotes{P\'erez Mart\'{\i}nez R. y Esteva L.}},
  year = 2012,
  title = {\quotes{``Influence of Masonry Panels on the Life-Cycle Expected Performance Functions of Multi-Story RC Frames''}},
  booktitle = {15 World Conference on Earthquake Engineering},
	month = Septiembre,
  address = {Lisbon, Portugal},
}
%%%%%%%%%%%%%%%%%%%%%%%%%%%%%%%
@INPROCEEDINGS{FKA2012,
  author = {\quotes{Favvata M.J., Karayannis C.G.  y Anagnostopoulou V.}},
  year = 2012,
  title = {\quotes{``Influence of infill panels with and without openings on the pounding effect of RC structures''}},
  booktitle = {15 World Conference on Earthquake Engineering},
	month = Septiembre,
  address = {Lisbon, Portugal},
}
%%%%%%%%%%%%%%%%%%%%%%%%%%%%%%%
@INPROCEEDINGS{FNK2012,
  author = {\quotes{Favvata M.J., Naoum M.C. y Karayannis C.G.}},
  year = 2012,
  title = {\quotes{``Seismic Evaluation of Infilled RC Structures with Nonlinear Static Analysis Procedures''}},
  booktitle = {15 World Conference on Earthquake Engineering},
	month = Septiembre,
  address = {Lisbon, Portugal},
}
%%%%%%%%%%%%%%%%%%%%%%%%%%%%%%%
@INPROCEEDINGS{ANC2012,
  author = {\quotes{Bayraktar A., Keypour H. y Naderzadeh A.}},
  year = 2012,
  title = {\quotes{``Application of Ancient Earthquake Resistant Method in Modern Construction Technology''}},
  booktitle = {15 World Conference on Earthquake Engineering},
	month = Septiembre,
  address = {Lisbon, Portugal},
}
%%%%%%%%%%%%%%%%%%%%%%%%%%%%%%%
@ARTICLE{P1960,
  author = {\quotes{Polyakov J. A.}},
  year = 1960,
  title = {\quotes{``On the Interaction Between Masonry Filler Walls and Enclosing Frame when Loaded in the Plane of the Wall''}},
  journal = {Earthquake Engineering Research Institute},
	volume = 7,
	address = {San Francisco, California},
	pages = {36--42},
}
%%%%%%%%%%%%%%%%%%%%%%%%%%%%%%%
@ARTICLE{R1976,
  author = {\quotes{Rosenblueth E.}},
  year = 1976,
  title = {\quotes{``Optimum Design for Infrequent Disturbances''}},
  journal = {ASCE Journal of Structural Division},
	pages = {1807--1825},
}
%%%%%%%%%%%%%%%%%%%%%%%%%%%%%%%
@ARTICLE{MSMG1979,
  author = {\quotes{Mirza S.A. y MacGregor J.G. }},
  year = 1979,
  title = {\quotes{``Variability of Mechanical Properties of Reinforcing Bars''}},
  journal = {ASCE Journal of Structural Division},
	pages = {921--937},
	month = Mayo,
}
%%%%%%%%%%%%%%%%%%%%%%%%%%%%%%%
@INPROCEEDINGS{RD1988,
  author = {\quotes{Ruiz S. E. y Diederich R.}},
  year = 1988,
  title = {\quotes{``Performance of Weak First Story Buildings Subjected to the Michoac\'an--Guerrero, 1985 Earthquake''}},
  booktitle = {Ninth Conference on Earthquake Engineering},
  address = {Tokyo-Kyoto, Japan},
	pages = {303--308},
}
%%%%%%%%%%%%%%%%%%%%%%%%%%%%%%%
@TECHREPORT{SEAOC1995,
  author = {\quotes{Structural Engineering Association of California, SEAOC}},
  year = 1995,
  title = {\quotes{``Performance based seismic engineering of buildings''}},
  institution = {Comit\'e VISI\'ON 2000},
  address = {Sacramento, California},
}
%%%%%%%%%%%%%%%%%%%%%%%%%%%%%%%
@INCOLLECTION{LPMR2006,
  author = {\quotes{Hoyos L. y Rodr\'{\i}guez M.}},
  year = 2006,
  title = {\quotes{``Evaluaci\'on de Elementos de Concreto Reforzado Sometidos a Acciones S\'{\i}smicas Considerando el Modo de Falla de Pandeo del Acero de Refuerzo Longitudinal''}},
  note = {ISBN: 970-32-3250-7},
  institution = {Instituto de Ingenier\'{\i}a UNAM},
	month = Enero,
  address = {Ciudad Universitaria, CP 04510, M\'exico, DF},
	note = {Reporte T\'ecnico},	
}
%%%%%%%%%%%%%%%%%%%%%%%%%%%%%%%
@INCOLLECTION{CJM1985,
  author = {\quotes{Mendoza C.J.}},
  year = 1985,
  title = {\quotes{``Propiedades Mec\'anicas de los Concretos Fabricados en el Distrito Federal''}},
  note = {N\'umero: 495},
  institution = {Instituto de Ingenier\'{\i}a UNAM},
  address = {Ciudad Universitaria, CP 04510, M\'exico, DF},
	note = {Reporte T\'ecnico},	
}
%%%%%%%%%%%%%%%%%%%%%%%%%%%%%%%
@INCOLLECTION{RB1996,
  author = {\quotes{Rodr\'{\i}guez M. y Botero J.}},
  year = 1996,
  title = {\quotes{``Aspectos del Comportamiento S\'{\i}smico e Estructuras de Concreto Reforzado Considerando las Propiedades Mec\'anicas d Aceros de Refuerzo Producidos en M\'exico''}},
  note = {N\'umero: 575},
  institution = {Instituto de Ingenier\'{\i}a UNAM},
  address = {Ciudad Universitaria, CP 04510, M\'exico, DF},
	note = {Reporte T\'ecnico},	
}
%%%%%%%%%%%%%%%%%%%%%%%%%%%%%%%
@INPROCEEDINGS{SP2012,
  author = {\quotes{Dadi V. S. K. and Pankaj A.}},
  year = 2012,
  title = {\quotes{``The Performance Evaluation of Soft Storey RC Frame Buildings Based on Different Reinforcement Characteristics''}},
  booktitle = {15 World Conference on Earthquake Engineering},
	month = Septiembre,
  address = {Lisbon, Portugal},
}
%%%%%%%%%%%%%%%%%%%%%%%%%%%%%%%
@INPROCEEDINGS{TPP2012,
  author = {\quotes{Tasligedik A. S., Pampanin S. y Palermo A.}},
  year = 2012,
  title = {\quotes{``In Plane Cyclic Testing of Non-Structural Drywalls Infilled Within RC Frames''}},
  booktitle = {15 World Conference on Earthquake Engineering},
	month = Septiembre,
  address = {Lisbon, Portugal},
}
%%%%%%%%%%%%%%%%%%%%%%%%%%%%%%%
@ARTICLE{KFM2007,
  author = {\quotes{Korkmaz K. A., Demir Fuat y Sivri Mustafa}},
  year = 2007,
  title = {\quotes{``Earthquake Assessment of R/C Structures with Masonry Infill Walls''}},
  journal = {International Journal of Science & Technology},
	pages = {155--164},
	volume = 2,
	number = 2,
}
%%%%%%%%%%%%%%%%%%%%%%%%%%%%%%%
@ARTICLE{MPP1988,
  author = {\quotes{Mander J., Priestley M. y Park R.}},
  year = 1988,
  title = {\quotes{``Theoretical Stress--Strain Model for Confined Concrete''}},
  journal = {Journal of Structural Engineering},
	pages = {1804--1825},
	month = Agosto,
	volume = 114,
	number = 8,
}
%%%%%%%%%%%%%%%%%%%%%%%%%%%%%%%
@ARTICLE{LK1984,
  author = {\quotes{Liauw T. C. y Kwan K. H.}},
  year = 1984,
  title = {\quotes{``Nonlinear behavior of non-integral infilled frames''}},
  journal = {Comp. Struct. Journal},
	pages = {551--560},
	volume =18,
}
%%%%%%%%%%%%%%%%%%%%%%%%%%%%%%%
@PHDTHESIS{W1971,
  author = {\quotes{Williams D.}},
  title = {\quotes{``Seismic Behaivour of Reinforced Masonry Shear Walls''}},
	year = 1971,
  school = {University of Canterbury, Department of Civil Engineering},
  address = {Christchurch, Nueva Zelanda},
}
%%%%%%%%%%%%%%%%%%%%%%%%%%%%%%%
@INPROCEEDINGS{YCC2012,
  author = {\quotes{Yao C. G. y Chen W.C.}},
  year = 2012,
  title = {\quotes{``A Study of Seismic Strengthening Behavior for The Dry-wall With Mortar-filling System in Taiwan''}},
  booktitle = {15 World Conference on Earthquake Engineering},
	month = Septiembre,
  address = {Lisbon, Portugal},
}
%%%%%%%%%%%%%%%%%%%%%%%%%%%%%%%
@INPROCEEDINGS{WD2012,
  author = {\quotes{Wang DZ. y Dai JW.}},
  year = 2012,
  title = {\quotes{``Collapse-resistant Capacity of Masonry Building with Framed-Shear Walled Lower Floor with Different Protection Levels''}},
  booktitle = {15 World Conference on Earthquake Engineering},
	month = Septiembre,
  address = {Lisbon, Portugal},
}
%%%%%%%%%%%%%%%%%%%%%%%%%%%%%%%
@INPROCEEDINGS{PMGG2012,
  author = {\quotes{Ricci P., De Risi M. T., Verderame G. M. y Manfredi G.}},
  year = 2012,
  title = {\quotes{``Influence of Infill Presence and Design Typology on Seismic Performance of RC Buildings: Sensitivity Analysis''}},
  booktitle = {15 World Conference on Earthquake Engineering},
	month = Septiembre,
  address = {Lisbon, Portugal},
}
%%%%%%%%%%%%%%%%%%%%%%%%%%%%%%%
@INPROCEEDINGS{SAMJ2008,
  author = {\quotes{Pujol Santiago, Benavent Climent Amadeo, Rodriguez Mario E., y Smith Pardo J. Paul}},
  year = 2008,
  title = {\quotes{``Masonry Infill Walls: An Effective Alternative for Seismic Strengthening of Low-Rise Reinforced Concrete Building Structures''}},
  booktitle = {14 World Conference on Earthquake Engineering},
	month = Octubre,
  address = {Beijing, China},
}
%%%%%%%%%%%%%%%%%%%%%%%%%%%%%%%
@INPROCEEDINGS{XZH2012,
  author = {\quotes{Xun Guo, Zhihua Zheng y Fu He}},
  year = 2012,
  title = {\quotes{``Collapse Mechanism of Multi-story Masonry Structure with First Soft Story''}},
  booktitle = {15 World Conference on Earthquake Engineering},
	month = Septiembre,
  address = {Lisbon, Portugal},
}
%%%%%%%%%%%%%%%%%%%%%%%%%%%%%%%
@INPROCEEDINGS{NBKD2012,
  author = {\quotes{Azimikor N., Robazza B., Elwood K., Anderson D. L. y Brzev S.}},
  year = 2012,
  title = {\quotes{``An Experimental Study on the Out-Of-Plane Stability of Reinforced Masonry Shear Walls Under In-Plane Reversed Cyclic Loads''}},
  booktitle = {15 World Conference on Earthquake Engineering},
	month = Septiembre,
  address = {Lisbon, Portugal},
}
%%%%%%%%%%%%%%%%%%%%%%%%%%%%%%%
@INPROCEEDINGS{H1961,
  author = {\quotes{Holmes M.}},
  year = 1961,
  title = {\quotes{``Steel frames with brickwork and concrete infilling''}},
  booktitle = {Instituto de Ingenieros Civiles},
	pages = {473--478},
	volume = 19,
}
%%%%%%%%%%%%%%%%%%%%%%%%%%%%%%%
@INPROCEEDINGS{SC1969,
  author = {\quotes{Smith B. S. y Carter C.}},
  year = 1969,
  title = {\quotes{``A method of analysis for infilled frames''}},
  booktitle = {Instituto de Ingenieros Civiles},
	pages = {31--48},
	volume = 44,
	number = 7218,
}
%%%%%%%%%%%%%%%%%%%%%%%%%%%%%%%
@INPROCEEDINGS{MR1971,
  author = {\quotes{Mainstone R. J.}},
  year = 1971,
  title = {\quotes{``On the stiffness and strengths of infilled frames''}},
  booktitle = {Instituto de Ingenieros Civiles},
	pages = {57--90},
	volume = IV,
}
%%%%%%%%%%%%%%%%%%%%%%%%%%%%%%%
@MANUAL{C2012,
  author = {\quotes{Corona G.}},
  year = 2012,
  title = {\quotes{``An\'alisis y Dise\~no de Edificios de Concreto, ECOgcW''}},
  organization = {GC INGENIER\'IA Y DISE\~NO S.C.},
  address = {Puebla, M\'exico},
}
%%%%%%%%%%%%%%%%%%%%%%%%%%%%%%%
@MANUAL{OP2006,
  author = {\quotes{Mazzoni Silva, Mckenna Frank, Scott Michael H.,  Fenves Gregory L., et al}},
  year = 2006,
  title = {\quotes{``OpenSees Command Language Manual''}},
  organization = {Centro de Investigaci\'on en Ingenier\'{\i}a S\'{\i}smica del Pac\'{\i}fico (PEER)},
	month = Julio,
}
%%%%%%%%%%%%%%%%%%%%%%%%%%%%%%%
@TECHREPORT{KB1976,
  author = {\quotes{Klinger R. E. y Bertero V. V.}},
  year = 1976,
  title = {\quotes{``Infilled Frames in Earthquake Resistance Construction''}},
  note = {EER Report 76--32},
  institution = {Centro de Investigaci\'on en Ingenier\'{\i}a S\'{\i}smica del Pac\'{\i}fico (PEER)},
	month = Diciembre,
  address = {Berkeley, California},
}
%%%%%%%%%%%%%%%%%%%%%%%%%%%%%%%
@TECHREPORT{FEF1991,
  author = {\quotes{Taucer F. F., Spacone E. y Filippou F. C.}},
  year = 1991,
  title = {\quotes{``A Fiber Beam--Column Element for Seismic Response Analysis of Reinforced Concrete Structures''}},
  note = {Report No. UCB/EERC--91/17},
  institution = {Centro de Investigaci\'on en Ingenier\'{\i}a S\'{\i}smica del Pac\'{\i}fico (PEER), Universidad de California},
	month = Diciembre,
  address = {Berkeley, California},
}
%%%%%%%%%%%%%%%%%%%%%%%%%%%%%%%
@MANUAL{R2011,
  author = {The R foundation for Statistical Computing},
  year = 2011,
  title = {\quotes{``R version 2.14.1 (2011--12--22)''}},
  note = {http://cran.r-project.org/mirrors.html.},
}
%%%%%%%%%%%%%%%%%%%%%%%%%%%%%%%
@MANUAL{MC1997,
 author = {MathSoft, Inc.},
 year = 1997,
 title = {\quotes{``MathCad Users Guide''}},
 month = Mayo,
}
%%%%%%%%%%%%%%%%%%%%%%%%%%%%%%%
@TECHREPORT{MG1970,
  author = {\quotes{Mitchel, G. R. y Woodgate, R. W}},
  year = 1970,
  title = {\quotes{``Floor loadings in office buildings - the results of a survey''}},
  note = {EER Report 76--32},
  institution = {CPE/71 Building Research Station},
	month = Enero,
  address = {Garston, United Kindom},
}
%%%%%%%%%%%%%%%%%%%%%%%%%%%%%%%
@ARTICLE{PC1973,
  author = {\quotes{Peir J. y Cornell C. }},
  year = 1973,
  title = {\quotes{``Spatial and Temporal Variability of live loads''}},
  journal = {ASCE Journal of Structural Division},
	pages = {903--921},
	month = Mayo,
}
%%%%%%%%%%%%%%%%%%%%%%%%%%%%%%%%%
@INCOLLECTION{USGS2013,
  author = {USGS},
  title = {Earthquake Archive Search & URL Builder},
  year = s.f.,
  address = {http://earthquake.usgs.gov/earthquakes/search/},
  note = {2013-05-28}
}
%%%%%%%%%%%%%%%%%%%%%%%%%%%%%%%%%
@INCOLLECTION{D2008,
 author = {\quotes{D\'{\i}az Alc\'antara J.}},
 title = {\quotes{``Criterios de Aceptaci\'on para el Dise\~no por Desempe\~no y Confiabilidad de Edificios de Concreto Reforzado, con Piso  Suave en Planta Baja, Desplantados en Suelos Blandos en la Ciudad de M\'exico''}},
 year = 2008,
 school = {Facultad de Ingenier\'{\i}a UNAM, Divisi\'on de Estudios de Posgrado},
 address = {M\'exico, D.F.},
 note = {Tesis de Maestr\'{\i}a},	
}
%%%%%%%%%%%%%%%%%%%%%%%%%%%%%%%
@INCOLLECTION{WS1987,
 author = {\quotes{Wang ML. y Shah SP.}},
 year = 1987,
 title = {\quotes{``Reinforced Concrete Hysteresis Model Based on the Damage Concept''}},
 journal = {Earthquake Engineering and Structural Dynamics},
 pages = {993--1003},
}
%%%%%%%%%%%%%%%%%%%%%%%%%%%%%%%
%%%%%%%%%%%%%%%%%%%%%%%%%%%%%%%